
<srw:record>
<srw:recordSchema>marcxchange</srw:recordSchema>
<srw:recordPacking>xml</srw:recordPacking>
<srw:recordData>
<mxc:record xmlns:mxc="info:lc/xmlns/marcxchange-v2" format="INTERMARC" id="ark:/12148/cb44283000r" type="Bibliographic">   <mxc:leader>01196c0 m 22000271  45a </mxc:leader>   <mxc:controlfield tag="001">FRBNF44283000000000X</mxc:controlfield>   <mxc:controlfield tag="003">http://catalogue.bnf.fr/ark:/12148/cb44283000r</mxc:controlfield>   <mxc:controlfield tag="008">150618s 2014                 itfre     b  001 </mxc:controlfield>   <mxc:controlfield tag="009">a zd       z    z  </mxc:controlfield>   <mxc:datafield tag="017" ind1=" " ind2=" ">      <mxc:subfield code="o">OCoLC</mxc:subfield>      <mxc:subfield code="a">889010094</mxc:subfield>      <mxc:subfield code="k">ItFiC</mxc:subfield>      <mxc:subfield code="l">eng</mxc:subfield>      <mxc:subfield code="m">DLC</mxc:subfield>      <mxc:subfield code="m">YUS</mxc:subfield>      <mxc:subfield code="m">CHVBK</mxc:subfield>      <mxc:subfield code="m">UKMGB</mxc:subfield>      <mxc:subfield code="n">rda</mxc:subfield>   </mxc:datafield>   <mxc:datafield tag="020" ind1=" " ind2=" ">      <mxc:subfield code="a">9788849528213</mxc:subfield>      <mxc:subfield code="a">8849528213</mxc:subfield>   </mxc:datafield>   <mxc:datafield tag="051" ind1=" " ind2=" ">      <mxc:subfield code="a">txt</mxc:subfield>      <mxc:subfield code="b">n</mxc:subfield>   </mxc:datafield>   <mxc:datafield tag="100" ind1=" " ind2=" ">      <mxc:subfield code="3">13534810</mxc:subfield>      <mxc:subfield code="1">ISNI0000000052884064</mxc:subfield>      <mxc:subfield code="w">.0..b.....</mxc:subfield>      <mxc:subfield code="a">Proïa</mxc:subfield>      <mxc:subfield code="m">François</mxc:subfield>      <mxc:subfield code="d">1950-....</mxc:subfield>      <mxc:subfield code="4">0070</mxc:subfield>   </mxc:datafield>   <mxc:datafield tag="245" ind1="1" ind2=" ">      <mxc:subfield code="a">Le voyage en Italie de Julien Gracq</mxc:subfield>      <mxc:subfield code="d">Texte imprimé</mxc:subfield>      <mxc:subfield code="e">géopoétique et mélancolie de l'histoire</mxc:subfield>      <mxc:subfield code="f">François Proïa</mxc:subfield>      <mxc:subfield code="g">préface par Emanuele Kanceff</mxc:subfield>   </mxc:datafield>   <mxc:datafield tag="260" ind1=" " ind2=" ">      <mxc:subfield code="a">Napoli</mxc:subfield>      <mxc:subfield code="c">Edizioni scientifiche italiane</mxc:subfield>      <mxc:subfield code="d">2014</mxc:subfield>   </mxc:datafield>   <mxc:datafield tag="280" ind1=" " ind2=" ">      <mxc:subfield code="a">131 pages</mxc:subfield>      <mxc:subfield code="d">22 cm</mxc:subfield>   </mxc:datafield>   <mxc:datafield tag="295" ind1="1" ind2=" ">      <mxc:subfield code="a">Lutetia</mxc:subfield>      <mxc:subfield code="v">20</mxc:subfield>   </mxc:datafield>   <mxc:datafield tag="300" ind1=" " ind2=" ">      <mxc:subfield code="a">Includes bibliographical references and index</mxc:subfield>   </mxc:datafield>   <mxc:datafield tag="410" ind1=" " ind2=" ">      <mxc:subfield code="3">37124277</mxc:subfield>      <mxc:subfield code="t">Lutetia (Napoli)</mxc:subfield>      <mxc:subfield code="v">20</mxc:subfield>   </mxc:datafield>   <mxc:datafield tag="600" ind1=" " ind2=" ">      <mxc:subfield code="3">11905630</mxc:subfield>      <mxc:subfield code="a">Gracq</mxc:subfield>      <mxc:subfield code="m">Julien</mxc:subfield>      <mxc:subfield code="d">1910-2007</mxc:subfield>      <mxc:subfield code="3">12653273</mxc:subfield>      <mxc:subfield code="x">Voyages</mxc:subfield>      <mxc:subfield code="3">11932145</mxc:subfield>      <mxc:subfield code="y">Italie</mxc:subfield>   </mxc:datafield>   <mxc:datafield tag="615" ind1=" " ind2="0">      <mxc:subfield code="a">Gracq, Julien -- 1910-2007 -- Travel -- Italy</mxc:subfield>      <mxc:subfield code="2">lcsh</mxc:subfield>   </mxc:datafield>   <mxc:datafield tag="615" ind1=" " ind2="0">      <mxc:subfield code="a">Gracq, Julien -- 1910-2007. Autour des sept collines</mxc:subfield>      <mxc:subfield code="2">lcsh</mxc:subfield>   </mxc:datafield>   <mxc:datafield tag="615" ind1=" " ind2="0">      <mxc:subfield code="a">Gracq, Julien -- 1910-2007</mxc:subfield>      <mxc:subfield code="2">Gemeinsame Normdatei</mxc:subfield>   </mxc:datafield>   <mxc:datafield tag="615" ind1=" " ind2="6">      <mxc:subfield code="a">French -- Italy -- History -- 20th century</mxc:subfield>      <mxc:subfield code="2">lcsh</mxc:subfield>   </mxc:datafield>   <mxc:datafield tag="615" ind1=" " ind2="6">      <mxc:subfield code="a">Roman</mxc:subfield>      <mxc:subfield code="2">Gemeinsame Normdatei</mxc:subfield>   </mxc:datafield>   <mxc:datafield tag="615" ind1=" " ind2="6">      <mxc:subfield code="a">Italienbild</mxc:subfield>      <mxc:subfield code="2">Gemeinsame Normdatei</mxc:subfield>   </mxc:datafield>   <mxc:datafield tag="615" ind1=" " ind2="7">      <mxc:subfield code="a">Italy -- Description and travel</mxc:subfield>      <mxc:subfield code="2">lcsh</mxc:subfield>   </mxc:datafield>   <mxc:datafield tag="700" ind1=" " ind2=" ">      <mxc:subfield code="3">12124890</mxc:subfield>      <mxc:subfield code="1">ISNI0000000116312090</mxc:subfield>      <mxc:subfield code="w">.0..b.....</mxc:subfield>      <mxc:subfield code="a">Kanceff</mxc:subfield>      <mxc:subfield code="m">Emanuele</mxc:subfield>      <mxc:subfield code="4">0550</mxc:subfield>   </mxc:datafield>
</mxc:record>      </srw:recordData>
<srw:recordIdentifier>ark:/12148/cb44283000r</srw:recordIdentifier>
<srw:recordPosition>11</srw:recordPosition>
<srw:extraRecordData>
<ixm:attr name="CreationDate">20150221</ixm:attr>
<ixm:attr name="LastModificationDate">20150618</ixm:attr>
<mn:score>13.182194</mn:score>
</srw:extraRecordData>
</srw:record>