
<srw:record>
<srw:recordSchema>marcxchange</srw:recordSchema>
<srw:recordPacking>xml</srw:recordPacking>
<srw:recordData>
<mxc:record xmlns:mxc="info:lc/xmlns/marcxchange-v2" format="INTERMARC" id="ark:/12148/cb43755999q" type="Bibliographic">   <mxc:leader>00662c0 m 2200027   45a </mxc:leader>   <mxc:controlfield tag="001">FRBNF437559990000001</mxc:controlfield>   <mxc:controlfield tag="003">http://catalogue.bnf.fr/ark:/12148/cb43755999q</mxc:controlfield>   <mxc:controlfield tag="008">140204s 2008                 frfre     b  001 </mxc:controlfield>   <mxc:controlfield tag="009">aa  m      a  z    </mxc:controlfield>   <mxc:datafield tag="051" ind1=" " ind2=" ">      <mxc:subfield code="a">txt</mxc:subfield>      <mxc:subfield code="a">sti</mxc:subfield>      <mxc:subfield code="b">n</mxc:subfield>   </mxc:datafield>   <mxc:datafield tag="143" ind1=" " ind2=" ">      <mxc:subfield code="a">Mélanges</mxc:subfield>      <mxc:subfield code="e">Gracq</mxc:subfield>      <mxc:subfield code="f">Julien</mxc:subfield>   </mxc:datafield>   <mxc:datafield tag="245" ind1="1" ind2=" ">      <mxc:subfield code="a">À Julien Gracq</mxc:subfield>      <mxc:subfield code="d">Texte imprimé</mxc:subfield>      <mxc:subfield code="f">[Académie littéraire de Bretagne et des Pays de la Loire]</mxc:subfield>   </mxc:datafield>   <mxc:datafield tag="260" ind1=" " ind2=" ">      <mxc:subfield code="a">Nantes</mxc:subfield>      <mxc:subfield code="c">Académie littéraire de Bretagne et des Pays de la Loire</mxc:subfield>      <mxc:subfield code="d">2008</mxc:subfield>   </mxc:datafield>   <mxc:datafield tag="280" ind1=" " ind2=" ">      <mxc:subfield code="a">1 vol. (211 p.)</mxc:subfield>      <mxc:subfield code="c">ill.</mxc:subfield>      <mxc:subfield code="d">22 cm</mxc:subfield>   </mxc:datafield>   <mxc:datafield tag="470" ind1=" " ind2="3">      <mxc:subfield code="3">42625496</mxc:subfield>      <mxc:subfield code="t">Cahiers de l'Académie littéraire de Bretagne et des Pays de la Loire</mxc:subfield>      <mxc:subfield code="x">2258-7462</mxc:subfield>      <mxc:subfield code="v">45</mxc:subfield>      <mxc:subfield code="d">2008</mxc:subfield>   </mxc:datafield>   <mxc:datafield tag="600" ind1=" " ind2=" ">      <mxc:subfield code="3">11905630</mxc:subfield>      <mxc:subfield code="a">Gracq</mxc:subfield>      <mxc:subfield code="m">Julien</mxc:subfield>      <mxc:subfield code="d">1910-2007</mxc:subfield>      <mxc:subfield code="3">12042895</mxc:subfield>      <mxc:subfield code="x">Critique et interprétation</mxc:subfield>   </mxc:datafield>   <mxc:datafield tag="710" ind1=" " ind2=" ">      <mxc:subfield code="3">11868659</mxc:subfield>      <mxc:subfield code="1">ISNI0000000122887763</mxc:subfield>      <mxc:subfield code="w">20..b.....</mxc:subfield>      <mxc:subfield code="a">Académie littéraire de Bretagne et des Pays de la Loire</mxc:subfield>      <mxc:subfield code="4">0360</mxc:subfield>   </mxc:datafield>
</mxc:record>      </srw:recordData>
<srw:recordIdentifier>ark:/12148/cb43755999q</srw:recordIdentifier>
<srw:recordPosition>13</srw:recordPosition>
<srw:extraRecordData>
<ixm:attr name="CreationDate">20140204</ixm:attr>
<ixm:attr name="LastModificationDate">20140819</ixm:attr>
<mn:score>13.021617</mn:score>
</srw:extraRecordData>
</srw:record>