
<srw:record>
<srw:recordSchema>marcxchange</srw:recordSchema>
<srw:recordPacking>xml</srw:recordPacking>
<srw:recordData>
<mxc:record xmlns:mxc="info:lc/xmlns/marcxchange-v2" format="INTERMARC" id="ark:/12148/cb47177129r" type="Bibliographic">   <mxc:leader>00882c0 m 22000271  45a </mxc:leader>   <mxc:controlfield tag="001">FRBNF471771290000000</mxc:controlfield>   <mxc:controlfield tag="003">http://catalogue.bnf.fr/ark:/12148/cb47177129r</mxc:controlfield>   <mxc:controlfield tag="008">230130s 2022                 frfre     b  001 </mxc:controlfield>   <mxc:controlfield tag="009">aa dq      a       </mxc:controlfield>   <mxc:datafield tag="020" ind1=" " ind2=" ">      <mxc:subfield code="b">Br.</mxc:subfield>   </mxc:datafield>   <mxc:datafield tag="051" ind1=" " ind2=" ">      <mxc:subfield code="a">txt</mxc:subfield>      <mxc:subfield code="a">sti</mxc:subfield>      <mxc:subfield code="b">n</mxc:subfield>   </mxc:datafield>   <mxc:datafield tag="143" ind1=" " ind2=" ">      <mxc:subfield code="a">Vente</mxc:subfield>      <mxc:subfield code="b">Livres</mxc:subfield>      <mxc:subfield code="j">2022</mxc:subfield>      <mxc:subfield code="d">03-22</mxc:subfield>      <mxc:subfield code="m">Paris</mxc:subfield>   </mxc:datafield>   <mxc:datafield tag="245" ind1="1" ind2=" ">      <mxc:subfield code="a">Livres &amp; manuscrits</mxc:subfield>      <mxc:subfield code="d">Texte imprimé</mxc:subfield>      <mxc:subfield code="e">Gracq / Parisot, le surréalisme dans tous ses états</mxc:subfield>      <mxc:subfield code="e">vente, Paris, Hôtel Drouot, salle 11, 22 mars 2022</mxc:subfield>      <mxc:subfield code="f">Tessier-Sarrou &amp; associés</mxc:subfield>   </mxc:datafield>   <mxc:datafield tag="260" ind1=" " ind2="1">      <mxc:subfield code="a">Paris</mxc:subfield>      <mxc:subfield code="c">Emmanuel Lorient</mxc:subfield>      <mxc:subfield code="c">Éric Fosse</mxc:subfield>      <mxc:subfield code="d">2022</mxc:subfield>   </mxc:datafield>   <mxc:datafield tag="280" ind1=" " ind2=" ">      <mxc:subfield code="a">1 vol. (37 p.)</mxc:subfield>      <mxc:subfield code="c">ill. en coul.</mxc:subfield>      <mxc:subfield code="d">27 cm</mxc:subfield>   </mxc:datafield>   <mxc:datafield tag="300" ind1=" " ind2=" ">      <mxc:subfield code="a">2022 d'après la date de la vente</mxc:subfield>   </mxc:datafield>   <mxc:datafield tag="600" ind1=" " ind2=" ">      <mxc:subfield code="3">11905630</mxc:subfield>      <mxc:subfield code="a">Gracq</mxc:subfield>      <mxc:subfield code="m">Julien</mxc:subfield>      <mxc:subfield code="d">1910-2007</mxc:subfield>   </mxc:datafield>   <mxc:datafield tag="600" ind1=" " ind2=" ">      <mxc:subfield code="3">11918633</mxc:subfield>      <mxc:subfield code="a">Parisot</mxc:subfield>      <mxc:subfield code="m">Henri</mxc:subfield>      <mxc:subfield code="d">1908-1979</mxc:subfield>   </mxc:datafield>   <mxc:datafield tag="608" ind1=" " ind2=" ">      <mxc:subfield code="3">12143045</mxc:subfield>      <mxc:subfield code="a">Catalogues de vente</mxc:subfield>   </mxc:datafield>   <mxc:datafield tag="710" ind1=" " ind2=" ">      <mxc:subfield code="3">14500353</mxc:subfield>      <mxc:subfield code="1">ISNI0000000122881978</mxc:subfield>      <mxc:subfield code="w">20  b     </mxc:subfield>      <mxc:subfield code="a">Tessier-Sarrou &amp; associés</mxc:subfield>      <mxc:subfield code="4">0070</mxc:subfield>   </mxc:datafield>   <mxc:datafield tag="743" ind1=" " ind2=" ">      <mxc:subfield code="a">Vente</mxc:subfield>      <mxc:subfield code="b">Manuscrits</mxc:subfield>      <mxc:subfield code="j">2022</mxc:subfield>      <mxc:subfield code="d">03-22</mxc:subfield>      <mxc:subfield code="m">Paris</mxc:subfield>   </mxc:datafield>   <mxc:datafield tag="743" ind1=" " ind2=" ">      <mxc:subfield code="a">Bibliothèque</mxc:subfield>      <mxc:subfield code="e">Gracq</mxc:subfield>      <mxc:subfield code="f">Julien</mxc:subfield>      <mxc:subfield code="d">2022</mxc:subfield>   </mxc:datafield>   <mxc:datafield tag="743" ind1=" " ind2=" ">      <mxc:subfield code="a">Bibliothèque</mxc:subfield>      <mxc:subfield code="e">Parisot</mxc:subfield>      <mxc:subfield code="f">Henri</mxc:subfield>      <mxc:subfield code="d">2022</mxc:subfield>   </mxc:datafield>   <mxc:datafield tag="750" ind1=" " ind2=" ">      <mxc:subfield code="a">Surréalisme. Bibliothèque Julien Gracq - Fonds Henri Parisot</mxc:subfield>   </mxc:datafield>
</mxc:record>      </srw:recordData>
<srw:recordIdentifier>ark:/12148/cb47177129r</srw:recordIdentifier>
<srw:recordPosition>16</srw:recordPosition>
<srw:extraRecordData>
<ixm:attr name="CreationDate">20230130</ixm:attr>
<ixm:attr name="LastModificationDate">20230130</ixm:attr>
<mn:score>12.869191</mn:score>
</srw:extraRecordData>
</srw:record>