
<srw:record>
<srw:recordSchema>marcxchange</srw:recordSchema>
<srw:recordPacking>xml</srw:recordPacking>
<srw:recordData>
<mxc:record xmlns:mxc="info:lc/xmlns/marcxchange-v2" format="INTERMARC" id="ark:/12148/cb361827442" type="Bibliographic">   <mxc:leader>00615n0 m 2200027   45a </mxc:leader>   <mxc:controlfield tag="000">     n0 d922        45a </mxc:controlfield>   <mxc:controlfield tag="001">FRBNF361827440000008</mxc:controlfield>   <mxc:controlfield tag="003">http://catalogue.bnf.fr/ark:/12148/cb361827442</mxc:controlfield>   <mxc:controlfield tag="008">971009s 1997        .... ....frfre     b  001 </mxc:controlfield>   <mxc:controlfield tag="009">ax d               </mxc:controlfield>   <mxc:datafield tag="015" ind1=" " ind2=" ">      <mxc:subfield code="a">09745220</mxc:subfield>   </mxc:datafield>   <mxc:datafield tag="020" ind1=" " ind2=" ">      <mxc:subfield code="a">2-910686-15-9</mxc:subfield>      <mxc:subfield code="b">br.</mxc:subfield>      <mxc:subfield code="d">60 F</mxc:subfield>   </mxc:datafield>   <mxc:datafield tag="051" ind1=" " ind2=" ">      <mxc:subfield code="a">txt</mxc:subfield>      <mxc:subfield code="b">n</mxc:subfield>   </mxc:datafield>   <mxc:datafield tag="100" ind1=" " ind2=" ">      <mxc:subfield code="3">11897149</mxc:subfield>      <mxc:subfield code="1">ISNI0000000020450114</mxc:subfield>      <mxc:subfield code="w">.0..b.....</mxc:subfield>      <mxc:subfield code="a">Coelho</mxc:subfield>      <mxc:subfield code="m">Alain</mxc:subfield>      <mxc:subfield code="d">1953-....</mxc:subfield>      <mxc:subfield code="4">0070</mxc:subfield>   </mxc:datafield>   <mxc:datafield tag="245" ind1="1" ind2=" ">      <mxc:subfield code="a">Julien Gracq, appareillage</mxc:subfield>      <mxc:subfield code="d">Texte imprimé</mxc:subfield>      <mxc:subfield code="f">Alain Coelho</mxc:subfield>      <mxc:subfield code="c">Suivi d'un entretien avec Julien Gracq</mxc:subfield>   </mxc:datafield>   <mxc:datafield tag="260" ind1=" " ind2=" ">      <mxc:subfield code="a">Nantes</mxc:subfield>      <mxc:subfield code="c">Joseph K.</mxc:subfield>      <mxc:subfield code="d">1997</mxc:subfield>   </mxc:datafield>   <mxc:datafield tag="270" ind1=" " ind2=" ">      <mxc:subfield code="a">61-Lonrai</mxc:subfield>      <mxc:subfield code="c">Normandie roto impr.</mxc:subfield>   </mxc:datafield>   <mxc:datafield tag="280" ind1=" " ind2=" ">      <mxc:subfield code="a">87 p.</mxc:subfield>      <mxc:subfield code="c">couv. ill.</mxc:subfield>      <mxc:subfield code="d">21 cm</mxc:subfield>   </mxc:datafield>   <mxc:datafield tag="600" ind1=" " ind2=" ">      <mxc:subfield code="3">11905630</mxc:subfield>      <mxc:subfield code="a">Gracq</mxc:subfield>      <mxc:subfield code="m">Julien</mxc:subfield>      <mxc:subfield code="d">1910-2007</mxc:subfield>      <mxc:subfield code="3">12042895</mxc:subfield>      <mxc:subfield code="x">Critique et interprétation</mxc:subfield>   </mxc:datafield>   <mxc:datafield tag="676" ind1=" " ind2=" ">      <mxc:subfield code="3">13719192</mxc:subfield>      <mxc:subfield code="i">843.91</mxc:subfield>      <mxc:subfield code="v">23</mxc:subfield>   </mxc:datafield>   <mxc:datafield tag="680" ind1="0" ind2=" ">      <mxc:subfield code="a">820</mxc:subfield>   </mxc:datafield>   <mxc:datafield tag="917" ind1=" " ind2=" ">      <mxc:subfield code="o">OPL</mxc:subfield>      <mxc:subfield code="a">022944828</mxc:subfield>   </mxc:datafield>   <mxc:datafield tag="998" ind1=" " ind2=" ">      <mxc:subfield code="o">GEA</mxc:subfield>      <mxc:subfield code="a">004709426</mxc:subfield>   </mxc:datafield>   <mxc:datafield tag="986" ind1=" " ind2=" ">      <mxc:embedded format="INTERMARC" id="FRBNF361827440010008" type="Bibliographic">         <mxc:leader>00238n0 d92200027   45a </mxc:leader>         <mxc:controlfield tag="001">FRBNF361827440010008</mxc:controlfield>         <mxc:datafield tag="082" ind1=" " ind2=" ">            <mxc:subfield code="v">1</mxc:subfield>         </mxc:datafield>         <mxc:datafield tag="100" ind1=" " ind2=" ">            <mxc:subfield code="3">11897149</mxc:subfield>            <mxc:subfield code="1">ISNI0000000020450114</mxc:subfield>            <mxc:subfield code="w">.0..b.....</mxc:subfield>            <mxc:subfield code="a">Coelho</mxc:subfield>            <mxc:subfield code="m">Alain</mxc:subfield>            <mxc:subfield code="d">1953-....</mxc:subfield>            <mxc:subfield code="4">0070</mxc:subfield>         </mxc:datafield>         <mxc:datafield tag="245" ind1="0" ind2=" ">            <mxc:subfield code="a">Entretien avec Julien Gracq</mxc:subfield>         </mxc:datafield>         <mxc:datafield tag="700" ind1=" " ind2=" ">            <mxc:subfield code="3">11905630</mxc:subfield>            <mxc:subfield code="1">ISNI0000000121434842</mxc:subfield>            <mxc:subfield code="w">.0.2b.....</mxc:subfield>            <mxc:subfield code="a">Gracq</mxc:subfield>            <mxc:subfield code="m">Julien</mxc:subfield>            <mxc:subfield code="d">1910-2007</mxc:subfield>            <mxc:subfield code="4">0070</mxc:subfield>         </mxc:datafield>         <mxc:datafield tag="917" ind1=" " ind2=" ">            <mxc:subfield code="o">OPL</mxc:subfield>            <mxc:subfield code="a">022972425</mxc:subfield>         </mxc:datafield>      </mxc:embedded>   </mxc:datafield>
</mxc:record>      </srw:recordData>
<srw:recordIdentifier>ark:/12148/cb361827442</srw:recordIdentifier>
<srw:recordPosition>17</srw:recordPosition>
<srw:extraRecordData>
<ixm:attr name="CreationDate">19971009</ixm:attr>
<ixm:attr name="LastModificationDate">20060929</ixm:attr>
<mn:score>12.864358</mn:score>
</srw:extraRecordData>
</srw:record>