
<srw:record>
<srw:recordSchema>marcxchange</srw:recordSchema>
<srw:recordPacking>xml</srw:recordPacking>
<srw:recordData>
<mxc:record xmlns:mxc="info:lc/xmlns/marcxchange-v2" format="INTERMARC" id="ark:/12148/cb424075502" type="Bibliographic">   <mxc:leader>01063c0 m 22000271  45a </mxc:leader>   <mxc:controlfield tag="001">FRBNF42407550000000X</mxc:controlfield>   <mxc:controlfield tag="003">http://catalogue.bnf.fr/ark:/12148/cb424075502</mxc:controlfield>   <mxc:controlfield tag="008">120717s 2009                 rofre     b  001 </mxc:controlfield>   <mxc:controlfield tag="009">a zd       z    z  </mxc:controlfield>   <mxc:datafield tag="017" ind1=" " ind2=" ">      <mxc:subfield code="o">OCoLC</mxc:subfield>      <mxc:subfield code="a">758875872</mxc:subfield>      <mxc:subfield code="k">ZWZ</mxc:subfield>      <mxc:subfield code="l">fre</mxc:subfield>      <mxc:subfield code="n">ncafnor</mxc:subfield>   </mxc:datafield>   <mxc:datafield tag="020" ind1=" " ind2=" ">      <mxc:subfield code="z">9789736116117</mxc:subfield>      <mxc:subfield code="b">br</mxc:subfield>      <mxc:subfield code="a">9736116115</mxc:subfield>      <mxc:subfield code="a">9789736116117</mxc:subfield>   </mxc:datafield>   <mxc:datafield tag="041" ind1="3" ind2=" ">      <mxc:subfield code="a">fre</mxc:subfield>      <mxc:subfield code="d">eng</mxc:subfield>      <mxc:subfield code="d">rum</mxc:subfield>   </mxc:datafield>   <mxc:datafield tag="051" ind1=" " ind2=" ">      <mxc:subfield code="a">txt</mxc:subfield>      <mxc:subfield code="b">n</mxc:subfield>   </mxc:datafield>   <mxc:datafield tag="100" ind1=" " ind2=" ">      <mxc:subfield code="3">16612826</mxc:subfield>      <mxc:subfield code="1">ISNI000000036766666X</mxc:subfield>      <mxc:subfield code="w">.0..b.....</mxc:subfield>      <mxc:subfield code="a">Poede</mxc:subfield>      <mxc:subfield code="m">Cristina</mxc:subfield>      <mxc:subfield code="4">0070</mxc:subfield>   </mxc:datafield>   <mxc:datafield tag="245" ind1="1" ind2=" ">      <mxc:subfield code="a">Ombres de lumière</mxc:subfield>      <mxc:subfield code="d">Texte imprimé</mxc:subfield>      <mxc:subfield code="e">la poétique de l'énigme chez Julien Gracq</mxc:subfield>      <mxc:subfield code="f">Cristina Poede</mxc:subfield>      <mxc:subfield code="g">avant-propos de Irina Mavrodin</mxc:subfield>   </mxc:datafield>   <mxc:datafield tag="260" ind1=" " ind2=" ">      <mxc:subfield code="a">Iaşi</mxc:subfield>      <mxc:subfield code="c">Institutul European</mxc:subfield>      <mxc:subfield code="d">2009</mxc:subfield>   </mxc:datafield>   <mxc:datafield tag="280" ind1=" " ind2=" ">      <mxc:subfield code="a">1 vol. (185 p.)</mxc:subfield>      <mxc:subfield code="c">couv. ill. en coul.</mxc:subfield>      <mxc:subfield code="d">24 cm</mxc:subfield>   </mxc:datafield>   <mxc:datafield tag="295" ind1="1" ind2=" ">      <mxc:subfield code="a">Espaces francophones</mxc:subfield>   </mxc:datafield>   <mxc:datafield tag="300" ind1=" " ind2=" ">      <mxc:subfield code="a">Résumé en anglais et roumain</mxc:subfield>      <mxc:subfield code="a">Bibliogr. p.165-169</mxc:subfield>   </mxc:datafield>   <mxc:datafield tag="395" ind1="1" ind2=" ">      <mxc:subfield code="a">Academica</mxc:subfield>      <mxc:subfield code="v">75</mxc:subfield>   </mxc:datafield>   <mxc:datafield tag="410" ind1=" " ind2=" ">      <mxc:subfield code="3">42214123</mxc:subfield>      <mxc:subfield code="t">Espaces francophones (Iaşi)</mxc:subfield>      <mxc:subfield code="x">1844-8631</mxc:subfield>      <mxc:subfield code="d">2009</mxc:subfield>   </mxc:datafield>   <mxc:datafield tag="410" ind1=" " ind2=" ">      <mxc:subfield code="3">42214126</mxc:subfield>      <mxc:subfield code="t">Academica (Iaşi)</mxc:subfield>      <mxc:subfield code="x">1844-8623</mxc:subfield>      <mxc:subfield code="v">75</mxc:subfield>   </mxc:datafield>   <mxc:datafield tag="600" ind1=" " ind2=" ">      <mxc:subfield code="3">11905630</mxc:subfield>      <mxc:subfield code="a">Gracq</mxc:subfield>      <mxc:subfield code="m">Julien</mxc:subfield>      <mxc:subfield code="d">1910-2007</mxc:subfield>      <mxc:subfield code="3">12042895</mxc:subfield>      <mxc:subfield code="x">Critique et interprétation</mxc:subfield>   </mxc:datafield>   <mxc:datafield tag="615" ind1=" " ind2="0">      <mxc:subfield code="a">Gracq, Julien (1910-2007). Le Roi Pêcheur</mxc:subfield>      <mxc:subfield code="2">RAMEAU</mxc:subfield>   </mxc:datafield>   <mxc:datafield tag="615" ind1=" " ind2="0">      <mxc:subfield code="a">Gracq, Julien -- (1910-2007) -- Thèmes, motifs</mxc:subfield>      <mxc:subfield code="2">RAMEAU</mxc:subfield>   </mxc:datafield>   <mxc:datafield tag="615" ind1=" " ind2="6">      <mxc:subfield code="a">Secret -- Dans la littérature</mxc:subfield>      <mxc:subfield code="2">RAMEAU</mxc:subfield>   </mxc:datafield>   <mxc:datafield tag="700" ind1=" " ind2=" ">      <mxc:subfield code="3">12028464</mxc:subfield>      <mxc:subfield code="1">ISNI0000000109135532</mxc:subfield>      <mxc:subfield code="w">.0..b.....</mxc:subfield>      <mxc:subfield code="a">Mavrodin</mxc:subfield>      <mxc:subfield code="m">Irina</mxc:subfield>      <mxc:subfield code="d">1929-2012</mxc:subfield>      <mxc:subfield code="4">0550</mxc:subfield>   </mxc:datafield>
</mxc:record>      </srw:recordData>
<srw:recordIdentifier>ark:/12148/cb424075502</srw:recordIdentifier>
<srw:recordPosition>18</srw:recordPosition>
<srw:extraRecordData>
<ixm:attr name="CreationDate">20110407</ixm:attr>
<ixm:attr name="LastModificationDate">20120717</ixm:attr>
<mn:score>12.619529</mn:score>
</srw:extraRecordData>
</srw:record>